BIBLOGRAPHY GOES IN HERE:
@book{Davies20121,
editor = "Davies, E.R. ",
title = "Computer and Machine Vision (Fourth Edition) ",
publisher = "Academic Press",
edition = "Fourth Edition",
address = "Boston",
year = "2012",
pages = "1 - 14",
isbn = "978-0-12-386908-1",
doi = "http://dx.doi.org/10.1016/B978-0-12-386908-1.00001-X",
url = "http://www.sciencedirect.com/science/article/pii/B978012386908100001X",
author = "E.R. Davies"
}

@MISC{NoahFilter,
author = "Noah Snavely",
title = "Lecture 2: Image Filtering",
url = "http://www.cs.cornell.edu/courses/cs6670/2011sp/lectures/lec02_filter.pdf"
}

@MISC{rbgWebsite,
author = "R. Fisher, S. Perkins, A. Walker and E. Wolfart",
url = "http://homepages.inf.ed.ac.uk/rbf/HIPR2/index.htm",
title = "HIPR2 - Image Processing Learning Resources"
}

@MISC{standfordML,
author = "Ng, Andrew",
url = "http://www.holehouse.org/mlclass/index.html",
title = "Stanford Machine Learning Class Notes"
}
